<?xml version="1.0" encoding="UTF-8"?><collection xmlns="http://www.loc.gov/MARC21/slim"><record><leader>00409nam--2200157-i-4500</leader><controlfield tag="001">000003559</controlfield><controlfield tag="002">20161230</controlfield><controlfield tag="005">20170113235241</controlfield><controlfield tag="008">060222s1000------------r-----000-0-eng-d</controlfield><datafield ind1=" " ind2=" " tag="245"><subfield code="a">Electronic time measurements. ed. by:.</subfield></datafield><datafield ind1=" " ind2=" " tag="260"><subfield code="a">New York</subfield><subfield code="b">Mc Graw Hill</subfield><subfield code="c">1949</subfield></datafield><datafield ind1=" " ind2=" " tag="300"><subfield code="a">XVIII+539 p</subfield></datafield><datafield ind1=" " ind2=" " tag="490"><subfield code="a">Mit Radiation Lab Series</subfield></datafield><datafield ind1=" " ind2=" " tag="700"><subfield code="a">Chance, Britton</subfield></datafield><datafield ind1=" " ind2=" " tag="852"><subfield code="a">1607</subfield></datafield><datafield ind1=" " ind2=" " tag="CAT"><subfield code="a">SYS</subfield><subfield code="c">20170113</subfield><subfield code="h">235241</subfield></datafield></record></collection>